@article{DBLP:journals/ploscb/HullPK08,
  author    = {Duncan Hull and
               Steve Pettifer and
               Douglas B. Kell},
  title     = {{Defrosting the Digital Library: Bibliographic Tools for
               the Next Generation Web}},
  journal   = {PLoS Computational Biology},
  volume    = {4},
  number    = {10},
  year      = {2008},
  ee        = {http://dx.doi.org/10.1371/journal.pcbi.1000204},
  bibsource = {DBLP, http://dblp.uni-trier.de}
}
@inproceedings{DBLP:conf/cidr/BastW07,
  author    = {Holger Bast and
               Ingmar Weber},
  title     = {{The CompleteSearch Engine: Interactive, Efficient, and Towards
               IR{\&} DB Integration}},
  booktitle = {CIDR},
  year      = {2007},
  pages     = {88-95},
  ee        = {http://www.cidrdb.org/cidr2007/papers/cidr07p09.pdf},
  bibsource = {DBLP, http://dblp.uni-trier.de}
}

@inproceedings{DBLP:conf/www/KrakerKJG12,
  author    = {Peter Kraker and
               Christian K{\"o}rner and
               Kris Jack and
               Michael Granitzer},
  title     = {Harnessing user library statistics for research evaluation
               and knowledge domain visualization},
  booktitle = {WWW (Companion Volume)},
  year      = {2012},
  pages     = {1017-1024},
  ee        = {http://doi.acm.org/10.1145/2187980.2188236},
  crossref  = {DBLP:conf/www/2012c},
  bibsource = {DBLP, http://dblp.uni-trier.de}
}

@inproceedings{Seymore99LearningHMM,
    author = {Kristie Seymore and Andrew McCallum and Ronald Rosenfeld},
    title = {{Learning Hidden Markov Model Structure for Information Extraction}},
    booktitle = {AAAI 99 Workshop on Machine Learning for Information Extraction},
    year = {1999},
    pages = {37--42}
}

@inproceedings{DBLP:conf/sigmod/BorkarDS01,
  author    = {Vinayak R. Borkar and
               Kaustubh Deshmukh and
               Sunita Sarawagi},
  title     = {Automatic Segmentation of Text into Structured Records},
  booktitle = {SIGMOD Conference},
  year      = {2001},
  pages     = {175-186},
  ee        = {http://doi.acm.org/10.1145/375663.375682},
  crossref  = {DBLP:conf/sigmod/2001},
  bibsource = {DBLP, http://dblp.uni-trier.de}
}

@inproceedings{DBLP:conf/jcdl/HanGMZZF03,
  author    = {Hui Han and
               C. Lee Giles and
               Eren Manavoglu and
               Hongyuan Zha and
               Zhenyue Zhang and
               Edward A. Fox},
  title     = {{Automatic Document Metadata Extraction Using Support Vector
               Machines}},
  booktitle = {JCDL},
  year      = {2003},
  pages     = {37-48},
  ee        = {http://doi.ieeecomputersociety.org/10.1109/JCDL.2003.1204842},
  crossref  = {DBLP:conf/jcdl/2003},
  bibsource = {DBLP, http://dblp.uni-trier.de}
}

@inproceedings{DBLP:conf/sac/GranitzerHJK12,
  author    = {Michael Granitzer and
               Maya Hristakeva and
               Kris Jack and
               Robert Knight},
  title     = {A comparison of metadata extraction techniques for crowdsourced
               bibliographic metadata management},
  booktitle = {SAC},
  year      = {2012},
  pages     = {962-964},
  ee        = {http://doi.acm.org/10.1145/2245276.2245462},
  crossref  = {DBLP:conf/sac/2012},
  bibsource = {DBLP, http://dblp.uni-trier.de}
}

@inproceedings{DBLP:conf/naacl/PengM04,
  author    = {Fuchun Peng and
               Andrew McCallum},
  title     = {Accurate Information Extraction from Research Papers using
               Conditional Random Fields},
  booktitle = {HLT-NAACL},
  year      = {2004},
  pages     = {329-336},
  ee        = {http://acl.ldc.upenn.edu/hlt-naacl2004/main/pdf/176_Paper.pdf},
  bibsource = {DBLP, http://dblp.uni-trier.de}
}

@inproceedings{DBLP:conf/pdcat/GuoJ11,
  author    = {Zhixin Guo and
               Hai Jin},
  title     = {Reference Metadata Extraction from Scientific Papers},
  booktitle = {PDCAT},
  year      = {2011},
  pages     = {45-49},
  ee        = {http://doi.ieeecomputersociety.org/10.1109/PDCAT.2011.72},
  crossref  = {DBLP:conf/pdcat/2011},
  bibsource = {DBLP, http://dblp.uni-trier.de}
}

@inproceedings{DBLP:conf/ercimdl/BeelGSF10,
  author    = {J{\"o}ran Beel and
               Bela Gipp and
               Ammar Shaker and
               Nick Friedrich},
  title     = {{SciPlore Xtract: Extracting Titles from Scientific PDF Documents by Analyzing Style Information (Font Size)}},
  booktitle = {ECDL},
  year      = {2010},
  pages     = {413-416},
  ee        = {http://dx.doi.org/10.1007/978-3-642-15464-5_45},
  crossref  = {DBLP:conf/ercimdl/2010},
  bibsource = {DBLP, http://dblp.uni-trier.de}
}

@inproceedings{DBLP:conf/jcdl/VilarinhoSGMM07,
  author    = {Eli Cortez C. Vilarinho and
               Altigran Soares da Silva and
               Marcos Andr{\'e} Gon\c{c}alves and
               Filipe de S{\'a} Mesquita and
               Edleno Silva de Moura},
  title     = {FLUX-CIM: flexible unsupervised extraction of citation metadata},
  booktitle = {JCDL},
  year      = {2007},
  pages     = {215-224},
  ee        = {http://doi.acm.org/10.1145/1255175.1255219},
  crossref  = {DBLP:conf/jcdl/2007},
  bibsource = {DBLP, http://dblp.uni-trier.de}
}

@inproceedings{levenshtein,
	title 		= {Binary codes capable of correcting deletions, insertions, and reversals},
	volume 		= {10},
	booktitle = {Soviet physics doklady},
	author 		= {Levenshtein, V. I.},
	year 			= {1966},
	pages 		= {707-710}
}

@article{smithwaterman,
  author		=	{T. Smith and M. Waterman},
  title			=	{Identification of common molecular subsequences},
	journal		=	{Journal of Molecular Biology},
	volume		=	147,
	pages			=	{195-197},
	year			=	1981
}

@article{DBLP:journals/cacm/KanT08,
  author    = {Min-Yen Kan and
               Yee Fan Tan},
  title     = {Record matching in digital library metadata},
  journal   = {Commun. ACM},
  volume    = {51},
  number    = {2},
  year      = {2008},
  pages     = {91-94},
  ee        = {http://doi.acm.org/10.1145/1314215.1340938},
  bibsource = {DBLP, http://dblp.uni-trier.de}
}

@article{DBLP:journals/tkde/ElmagarmidIV07,
  author    = {Ahmed K. Elmagarmid and
               Panagiotis G. Ipeirotis and
               Vassilios S. Verykios},
  title     = {Duplicate Record Detection: A Survey},
  journal   = {IEEE Trans. Knowl. Data Eng.},
  volume    = {19},
  number    = {1},
  year      = {2007},
  pages     = {1-16},
  ee        = {http://dx.doi.org/10.1109/TKDE.2007.250581},
  bibsource = {DBLP, http://dblp.uni-trier.de}
}

@inproceedings{DBLP:conf/aaai/MichelsonK06,
  author    = {Matthew Michelson and
               Craig A. Knoblock},
  title     = {Learning Blocking Schemes for Record Linkage},
  booktitle = {AAAI},
  year      = {2006},
  pages     = {440-445},
  ee        = {http://www.aaai.org/Library/AAAI/2006/aaai06-70.php},
  crossref  = {DBLP:conf/aaai/2006},
  bibsource = {DBLP, http://dblp.uni-trier.de}
}

@misc{www:citavi,
  title = {{Citavi: Reference Management and Knowledge Organization}},
  howpublished = {\texttt{http://www.citavi.com/}},
  note = {Jan. 2013}
}

@misc{www:endnote,
  title = {{EndNote}},
  howpublished = {\texttt{http://www.endnote.com/}},
  note = {Jan. 2013}
}

@misc{www:evernote,
  title = {{Evernote: Remember everything with Evernote}},
  howpublished = {\texttt{http://www.evernote.com/}},
  note = {Jan. 2013}
}

@misc{www:mendeley,
  title = {{Mendeley: Free reference manager and PDF organizer}},
  howpublished = {\texttt{http://www.mendeley.com/}},
  note = {Jan. 2013}
}

@misc{www:papers,
  title = {{Papers: Your Personal Library of Research}},
  howpublished = {\texttt{http://www.mekentosj.com/papers/}},
  note = {Jan. 2013}
}

@misc{www:qiqqa,
  title = {{Qiqqa: Free reference manager and research manager}},
  howpublished = {\texttt{http://www.qiqqa.com/}},
  note = {Jan. 2013}
}

@misc{www:readcube,
  title = {{ReadCube: Free Reference Manager - Academic Software For Research}},
  howpublished = {\texttt{http://www.readcube.com/}},
  note = {Jan. 2013}
}

@misc{www:zotero,
  title = {{Zotero}},
  howpublished = {\texttt{http://www.zotero.org/}},
  note = {Jan. 2013}
}

@misc{www:bibsonomy,
  title = {{BibSonomy: The blue social bookmark and publication sharing system}},
  howpublished = {\texttt{http://www.bibsonomy.org/}},
  note = {Jan. 2013}
}

@misc{www:endnoteweb,
  title = {{EndNote Web}},
  howpublished = {\texttt{http://www.myendnoteweb.com/}},
  note = {Jan. 2013}
}

@misc{www:refworks,
  title = {{RefWorks: Your online reseaerch management, writing and collaboration tool.}},
  howpublished = {\texttt{http://www.refworks.com/}},
  note = {Jan. 2013}
}

@misc{www:annotate,
  title = {{A.nnotate.com: Upload, Annotate, Share. Online document review and collaboration - PDF, Word and HTML.}},
  howpublished = {\texttt{http://www.a.nnotate.com/}},
  note = {Jan. 2013}
}

@misc{www:crocodoc,
  title = {{Crocodoc Personal: View \& Comment on Any Document}},
  howpublished = {\texttt{http://personal.crocodoc.com/}},
  note = {Jan. 2013}
}

@misc{www:webnotes,
  title = {{WebNotes}},
  howpublished = {\texttt{http://www.webnotes.net/}},
  note = {Jan. 2013}
}

@misc{www:citeulike,
  title = {{CiteULike}},
  howpublished = {\texttt{http://www.citeulike.org/}},
  note = {Jan. 2013}
}